@book{fitzgerald2020electric,
  author    = {Fitzgerald, A.E. and Kingsley, C. and Umans, S.D.},
  title     = {Electric Machinery},
  edition   = {7th},
  publisher = {McGraw-Hill},
  year      = {2020},
}

@book{chapman2012,
  author    = {Chapman, Stephen J.},
  title     = {Electric Machinery Fundamentals},
  edition   = {5},
  publisher = {McGraw-Hill},
  year      = {2012}
}

@book{fitzgerald2020,
  author    = {Fitzgerald, A. E. and Kingsley, Charles and Umans, Stephen D.},
  title     = {Electric Machinery},
  edition   = {7},
  publisher = {McGraw-Hill},
  year      = {2020}
}

@book{sen2014,
  author    = {Sen, P. C.},
  title     = {Principles of Electric Machines and Power Electronics},
  edition   = {3},
  publisher = {Wiley},
  year      = {2014}
}

@book{bose2020,
  author    = {Bose, Bimal K.},
  title     = {Power Electronics and Motor Drives},
  edition   = {2},
  publisher = {Academic Press},
  year      = {2020}
}

@book{ong1998,
  author    = {Ong, Chee-Mun},
  title     = {Dynamic Simulation of Electric Machinery},
  publisher = {Prentice Hall},
  year      = {1998}
}

@misc{engi2191,
  author    = {{ENGI2191}},
  title     = {Electromechanics Lecture Notes},
  publisher = {Durham University},
  year      = {2025}
}
% Bibliography entries (to be placed in your .bib file)
@book{chapman2012,
  author    = {Chapman, Stephen J.},
  title     = {Electric Machinery Fundamentals},
  edition   = {5},
  publisher = {McGraw-Hill},
  year      = {2012}
}

@book{fitzgerald2020,
  author    = {Fitzgerald, A. E. and Kingsley, Charles and Umans, Stephen D.},
  title     = {Electric Machinery},
  edition   = {7},
  publisher = {McGraw-Hill},
  year      = {2020}
}

@book{sen2014,
  author    = {Sen, P. C.},
  title     = {Principles of Electric Machines and Power Electronics},
  edition   = {3},
  publisher = {Wiley},
  year      = {2014}
}

@book{bose2020,
  author    = {Bose, Bimal K.},
  title     = {Power Electronics and Motor Drives},
  edition   = {2},
  publisher = {Academic Press},
  year      = {2020}
}

@book{ong1998,
  author    = {Ong, Chee-Mun},
  title     = {Dynamic Simulation of Electric Machinery},
  publisher = {Prentice Hall},
  year      = {1998}
}

@book{boldea2021,
  author    = {Boldea, Ion and Nasar, Syed A.},
  title     = {Electric Drives},
  edition   = {3},
  publisher = {CRC Press},
  year      = {2021}
}

@book{vas2019,
  author    = {Vas, Peter},
  title     = {Electrical Machines and Drives: A Space-Vector Theory Approach},
  edition   = {2},
  publisher = {Oxford University Press},
  year      = {2019}
}

@book{trzynadlowski2016,
  author    = {Trzynadlowski, Andrzej M.},
  title     = {Control of Induction Motors},
  publisher = {Academic Press},
  year      = {2016}
}

@misc{engi2191,
  author    = {{ENGI2191}},
  title     = {Electromechanics Lecture Notes},
  publisher = {Durham University},
  year      = {2025}
}


 @book{chapman2012,
   author    = {Chapman, Stephen J.},
   title     = {Electric Machinery Fundamentals},
   edition   = {5},
   publisher = {McGraw-Hill},
   year      = {2012}
 }

 @book{fitzgerald2020,
   author    = {Fitzgerald, A. E. and Kingsley, Charles and Umans, Stephen D.},
   title     = {Electric Machinery},
   edition   = {7},
   publisher = {McGraw-Hill},
   year      = {2020}
@book{chapman2012,
  author    = {Chapman, Stephen J.},
  title     = {Electric Machinery Fundamentals},
  edition   = {5},
  publisher = {McGraw-Hill},
  year      = {2012}
}

@book{fitzgerald2020,
  author    = {Fitzgerald, A. E. and Kingsley, Charles and Umans, Stephen D.},
  title     = {Electric Machinery},
  edition   = {7},
  publisher = {McGraw-Hill},
  year      = {2020}
}

@book{sen2014,
  author    = {Sen, P. C.},
  title     = {Principles of Electric Machines and Power Electronics},
  edition   = {3},
  publisher = {Wiley},
  year      = {2014}
}

@book{bose2020,
  author    = {Bose, Bimal K.},
  title     = {Power Electronics and Motor Drives},
  edition   = {2},
  publisher = {Academic Press},
  year      = {2020}
}

@book{ong1998,
  author    = {Ong, Chee-Mun},
  title     = {Dynamic Simulation of Electric Machinery},
  publisher = {Prentice Hall},
  year      = {1998}
}

@misc{engi2191,
  author    = {{ENGI2191}},
  title     = {Electromechanics Lecture Notes},
  publisher = {Durham University},
  year      = {2025}
}
 }


@book{sen2021principles,
  author    = {Sen, P.C.},
  title     = {Principles of Electric Machines and Power Electronics},
  edition   = {3rd},
  publisher = {Wiley},
  year      = {2021},
}

@book{bose2023modern,
  author    = {Bose, B.K.},
  title     = {Modern Power Electronics and AC Drives},
  publisher = {Prentice Hall},
  year      = {2023},
}

@book{chapman2021,
    author = {Chapman, Stephen J.},
    title = {Electric Machinery Fundamentals},
    edition = {6},
    year = {2021},
    publisher = {McGraw-Hill Education},
    address = {New York}
}

@book{fitzgerald2020,
    author = {Fitzgerald, Arthur E. and Kingsley Jr., Charles and Umans, Stephen D.},
    title = {Electric Machinery},
    edition = {7},
    year = {2020},
    publisher = {McGraw-Hill Education},
    address = {New York}
}

@book{sen2021,
    author = {Sen, P. C.},
    title = {Principles of Electric Machines and Power Electronics},
    edition = {4},
    year = {2021},
    publisher = {John Wiley \& Sons},
    address = {Hoboken, NJ}
}

@book{krause2013,
    author = {Krause, Paul C. and Wasynczuk, Oleg and Sudhoff, Scott D.},
    title = {Analysis of Electric Machinery and Drive Systems},
    edition = {3},
    year = {2013},
    publisher = {IEEE Press},
    series = {IEEE Press Series on Power Engineering},
    address = {Piscataway, NJ}
}

@book{ong2018,
    author = {Ong, Chee-Mun},
    title = {Dynamic Simulation of Electric Machinery},
    edition = {2},
    year = {2018},
    publisher = {Prentice Hall},
    address = {Upper Saddle River, NJ}
}

@book{bose2020,
    author = {Bose, Bimal K.},
    title = {Power Electronics and Motor Drives: Advances and Trends},
    edition = {2},
    year = {2020},
    publisher = {Academic Press},
    address = {Cambridge, MA}
}

@book{boldea2021,
    author = {Boldea, Ion and Nasar, Syed A.},
    title = {Electric Drives},
    edition = {3},
    year = {2021},
    publisher = {CRC Press},
    address = {Boca Raton, FL}
}

@book{Chapman2012,
    author    = {Chapman, Stephen J.},
    title     = {Electric Machinery Fundamentals},
    edition   = {5},
    publisher = {McGraw-Hill},
    year      = {2012},
    isbn      = {978-0073529547}
}

@book{Fitzgerald2014,
    author    = {Fitzgerald, Arthur E. and Kingsley, Charles and Umans, Stephen D.},
    title     = {Electric Machinery},
    edition   = {7},
    publisher = {McGraw-Hill},
    year      = {2014},
    isbn      = {978-0073380469}
}

@book{Sen2014,
    author    = {Sen, P. C.},
    title     = {Principles of Electric Machines and Power Electronics},
    edition   = {3},
    publisher = {Wiley},
    year      = {2014},
    isbn      = {978-1118078877}
}

@book{Chapman2012,
    author    = {Chapman, Stephen J.},
    title     = {Electric Machinery Fundamentals},
    edition   = {5},
    publisher = {McGraw-Hill},
    address   = {New York},
    year      = {2012},
    isbn      = {978-0073529547}
}

@book{Fitzgerald2014,
    author    = {Fitzgerald, Arthur E. and Kingsley Jr., Charles and Umans, Stephen D.},
    title     = {Electric Machinery},
    edition   = {7},
    publisher = {McGraw-Hill Education},
    address   = {New York},
    year      = {2014},
    isbn      = {978-0073380469}
}

@book{Sen2014,
    author    = {Sen, Paresh Chandra},
    title     = {Principles of Electric Machines and Power Electronics},
    edition   = {3},
    publisher = {John Wiley \& Sons},
    address   = {Hoboken, New Jersey},
    year      = {2014},
    isbn      = {978-1118078877}
}

@book{Krause2013,
    author    = {Krause, Paul C. and Wasynczuk, Oleg and Sudhoff, Scott D. and Pekarek, Steven},
    title     = {Analysis of Electric Machinery and Drive Systems},
    edition   = {3},
    publisher = {IEEE Press},
    series    = {IEEE Press Series on Power Engineering},
    address   = {Piscataway, New Jersey},
    year      = {2013},
    isbn      = {978-1118024293}
}

@book{Boldea2014,
    author    = {Boldea, Ion and Nasar, Syed A.},
    title     = {The Induction Machines Design Handbook},
    edition   = {2},
    publisher = {CRC Press},
    address   = {Boca Raton, Florida},
    year      = {2014},
    isbn      = {978-1420066685}
}

@book{Mohan2014,
    author    = {Mohan, Ned},
    title     = {Advanced Electric Drives: Analysis, Control, and Modeling Using {MATLAB}/{Simulink}},
    publisher = {John Wiley \& Sons},
    address   = {Hoboken, New Jersey},
    year      = {2014},
    isbn      = {978-1118485439}
}

@book{Krause2013,
    author    = {Krause, Paul C. and Wasynczuk, Oleg and Sudhoff, Scott D.},
    title     = {Analysis of Electric Machinery and Drive Systems},
    edition   = {3},
    publisher = {IEEE Press},
    year      = {2013},
    series    = {IEEE Press Series on Power Engineering},
    isbn      = {978-1118024293}
}

@article{Boldea2014,
    author  = {Boldea, Ion and Nasar, Syed A.},
    title   = {The Induction Machine Handbook},
    journal = {IEEE Press Series on Power Engineering},
    year    = {2014},
    volume  = {2},
    doi     = {10.1109/9780470546268}
}

@book{Mohan2014,
    author    = {Mohan, Ned},
    title     = {Advanced Electric Drives: Analysis, Control, and Modeling Using MATLAB/Simulink},
    publisher = {Wiley-IEEE Press},
    year      = {2014},
    isbn      = {978-1118485439}
}

@techreport{waide2011,
    author = {Waide, Paul and Brunner, Conrad U},
    title = {Energy-Efficiency Policy Opportunities for Electric Motor-Driven Systems},
    institution = {International Energy Agency},
    year = {2011},
    type = {Working Paper}
}

@article{almeida2014,
    author = {De Almeida, Anibal T and Fong, Jo√£o and Falkner, Hugh and Bertoldi, Paolo},
    title = {Policy options to promote energy efficient electric motors and drives in the {EU}},
    journal = {Renewable and Sustainable Energy Reviews},
    volume = {74},
    pages = {1275--1286},
    year = {2014}
}


@book{mohan2023,
    author = {Mohan, Ned},
    title = {Power Electronics: A First Course},
    edition = {2},
    year = {2023},
    publisher = {Wiley},
    address = {Hoboken, NJ}
}

@book{vas2019,
    author = {Vas, Peter},
    title = {Electrical Machines and Drives: A Space-Vector Theory Approach},
    edition = {2},
    year = {2019},
    publisher = {Oxford University Press},
    address = {Oxford, UK}
}